<record xmlns="http://www.loc.gov/MARC21/slim" xmlns:xsi="http://www.w3.org/2001/XMLSchema-instance" xsi:schemaLocation="http://www.loc.gov/MARC21/slim http://www.loc.gov/standards/marcxml/schema/MARC21slim.xsd"><leader>02816nam a2200457   4500</leader><controlfield tag="001">001680071</controlfield><controlfield tag="003">NNU</controlfield><controlfield tag="006">m        d        </controlfield><controlfield tag="007">cr cn |||m|||a</controlfield><controlfield tag="008">150116r19641861iq      o     001 0 ara d</controlfield><datafield ind1=" " ind2=" " tag="040"><subfield code="a">NNU</subfield><subfield code="b">eng</subfield><subfield code="e">rda</subfield><subfield code="c">NNU</subfield></datafield><datafield ind1=" " ind2="4" tag="050"><subfield code="a">PJ7750</subfield><subfield code="b">.M8 1964</subfield></datafield><datafield ind1="1" ind2=" " tag="100"><subfield code="6">880-01</subfield><subfield code="a">Mutanabbi&#772;, Abu&#772; al-T&#803;ayyib Ah&#803;mad ibn al-H&#803;usayn,</subfield><subfield code="d">915 or 916-965.</subfield></datafield><datafield ind1="1" ind2="0" tag="245"><subfield code="6">880-02</subfield><subfield code="a">Di&#772;wa&#772;n Abi&#772; al-T&#803;ayyib al-Mutanabbi&#772; /</subfield><subfield code="c">wa fi&#772; athna&#772;&#700; matnih sharh&#803; al-Wah&#803;idi&#772; wa-arba &#699;at faha&#772;ris ta&#700;li&#772;f Friedrich Dieterici.</subfield></datafield><datafield ind1="1" ind2="5" tag="246"><subfield code="a">Diwan al-Mutanabbi&#772;, with the commentary by Abi-l-Hasan Ali ibn Ahmad al-Wahidi al-Naisaburi</subfield></datafield><datafield ind1=" " ind2=" " tag="260"><subfield code="6">880-03</subfield><subfield code="a">Berlin :</subfield><subfield code="b">[publisher not identified],</subfield><subfield code="c">1861 ;</subfield><subfield code="a">[Bagdad] :</subfield><subfield code="b">[Maktabat-al-Muthanna&#769;],</subfield><subfield code="c">[1964?]</subfield></datafield><datafield ind1=" " ind2=" " tag="300"><subfield code="a">online resource (860, xiii pages)</subfield></datafield><datafield ind1=" " ind2=" " tag="336"><subfield code="a">text</subfield><subfield code="2">rdacontent</subfield></datafield><datafield ind1=" " ind2=" " tag="337"><subfield code="a">computer</subfield><subfield code="2">rdamedia</subfield></datafield><datafield ind1=" " ind2=" " tag="338"><subfield code="a">online resource</subfield><subfield code="2">rdacarrier</subfield></datafield><datafield ind1=" " ind2=" " tag="500"><subfield code="a">Photo-offset of the ed. of 1861, originally issued with a Latin t.p. which has not been reproduced: Mutanabbii Carmina cum commentario Wah&#803;idii.</subfield></datafield><datafield ind1=" " ind2=" " tag="500"><subfield code="a">Part of the Arabic Collections Online (ACO) project, contributed by New York Univeristy Libraries.</subfield></datafield><datafield ind1=" " ind2=" " tag="500"><subfield code="a">Includes indexes.</subfield></datafield><datafield ind1=" " ind2=" " tag="533"><subfield code="a">Electronic reproduction.</subfield><subfield code="b">New York, N.Y. :</subfield><subfield code="c">New York University,</subfield><subfield code="d">2015.</subfield><subfield code="5">NNU</subfield></datafield><datafield ind1=" " ind2="0" tag="650"><subfield code="a">Arabic poetry</subfield><subfield code="y">750-1258</subfield><subfield code="x">History and criticism.</subfield></datafield><datafield ind1=" " ind2="7" tag="650"><subfield code="a">Arabic poetry.</subfield><subfield code="2">fast</subfield><subfield code="0">(OCoLC)fst00812533</subfield></datafield><datafield ind1=" " ind2="7" tag="648"><subfield code="a">750 - 1258</subfield><subfield code="2">fast</subfield></datafield><datafield ind1=" " ind2="7" tag="655"><subfield code="a">Criticism, interpretation, etc.</subfield><subfield code="2">fast</subfield><subfield code="0">(OCoLC)fst01411635</subfield></datafield><datafield ind1="1" ind2=" " tag="700"><subfield code="6">880-04</subfield><subfield code="a">Wa&#772;h&#803;idi&#772;, Abu&#772; al-H&#803;asan &#699;Ali&#772; ibn Ah&#803;mad,</subfield><subfield code="d">-1075 or 1076.</subfield></datafield><datafield ind1="1" ind2=" " tag="700"><subfield code="a">Dieterici, Friedrich.</subfield></datafield><datafield ind1="2" ind2=" " tag="710"><subfield code="a">New York University.</subfield><subfield code="b">Libraries.</subfield></datafield><datafield ind1="0" ind2=" " tag="730"><subfield code="a">Arabic Collections Online.</subfield></datafield><datafield ind1="0" ind2="8" tag="776"><subfield code="i">Online version:</subfield><subfield code="a">Mutanabbi&#772;, Abu&#772; al-T&#803;ayyib Ah&#803;mad ibn al-H&#803;usayn, 915 or 16-965.</subfield><subfield code="t">Di&#772;wa&#772;n Abi&#772; al-T&#803;ayyib al-Mutanabbi&#772;.</subfield><subfield code="d">Berlin : [s.n.], 1861 ; [Bagdad : Maktabat-al-Muthanna&#769;, 1964?]</subfield><subfield code="w">(OCoLC)569139208</subfield></datafield><datafield ind1="0" ind2="8" tag="776"><subfield code="i">Print version:</subfield><subfield code="a">Mutanabbi&#772;, Abu&#772; al-T&#803;ayyib Ah&#803;mad ibn al-H&#803;usayn, 915 or 916-965.</subfield><subfield code="t">Di&#772;wa&#772;n Abi&#772; al-T&#803;ayyib al-Mutanabbi&#772;</subfield><subfield code="w">(NNU)001680071</subfield><subfield code="w">(DLC)ne 67001621</subfield></datafield><datafield ind1="4" ind2="0" tag="856"><subfield code="u">http://hdl.handle.net/2333.1/zw3r2447</subfield></datafield><datafield ind1="1" ind2=" " tag="880"><subfield code="6">100-01/</subfield><subfield code="a">&#1605;&#1578;&#1606;&#1576;&#1610;&#1548; &#1571;&#1576;&#1608; &#1575;&#1604;&#1591;&#1610;&#1576; &#1571;&#1581;&#1605;&#1583; &#1576;&#1606; &#1575;&#1604;&#1581;&#1587;&#1610;&#1606;&#1548;</subfield><subfield code="d">915 or 16-965.</subfield></datafield><datafield ind1="1" ind2="0" tag="880"><subfield code="6">245-02/</subfield><subfield code="a">&#1583;&#1610;&#1608;&#1575;&#1606; &#1571;&#1576;&#1610; &#1575;&#1604;&#1591;&#1610;&#1576; &#1575;&#1604;&#1605;&#1578;&#1606;&#1576;&#1610; /</subfield><subfield code="c">&#1608; &#1601;&#1610; &#1575;&#1579;&#1606;&#1575;&#1569; &#1605;&#1578;&#1606;&#1607; &#1588;&#1585;&#1581; &#1575;&#1604;&#1608;&#1575;&#1581;&#1583;&#1610; &#1608;&#1575;&#1585;&#1576;&#1593;&#1577; &#1601;&#1607;&#1575;&#1585;&#1587; &#1578;&#1571;&#1604;&#1610;&#1601; &#1601;&#1585;&#1610;&#1583;&#1585;&#1582; &#1583;&#1610;&#1578;&#1585;&#1610;&#1589;&#1609;.</subfield></datafield><datafield ind1=" " ind2=" " tag="880"><subfield code="6">260-03/</subfield><subfield code="a">&#1576;&#1585;&#1604;&#1610;&#1606; :</subfield><subfield code="b">[s.n.],</subfield><subfield code="c">1861 ;</subfield><subfield code="a">[&#1576;&#1594;&#1583;&#1575;&#1583; :</subfield><subfield code="b">&#1605;&#1603;&#1578;&#1576;&#1577; &#1575;&#1604;&#1605;&#1579;&#1606;&#1609;&#1548;</subfield><subfield code="c">[1964?]</subfield></datafield><datafield ind1="1" ind2=" " tag="880"><subfield code="6">700-04/</subfield><subfield code="a">&#1608;&#1575;&#1581;&#1583;&#1610; &#1606;&#1610;&#1587;&#1575;&#1576;&#1608;&#1585;&#1610;&#1548; &#1571;&#1576;&#1608; &#1575;&#1604;&#1581;&#1587;&#1606; &#1593;&#1604;&#1610;&#1548;,</subfield><subfield code="d">-1075 or 6.</subfield></datafield><datafield ind1=" " ind2=" " tag="959"><subfield code="a">NNU</subfield><subfield code="b">WEB</subfield><subfield code="c">GENI</subfield><subfield code="t">0</subfield><subfield code="m">Electronic access</subfield><subfield code="s">01</subfield></datafield><datafield ind1=" " ind2=" " tag="999"><subfield code="i">NNU_001680071</subfield><subfield code="o" /><subfield code="e">(ERROR-880)</subfield></datafield></record>